@manual{pci104,
  title = {PCI/104-Express™ \& PCIe/104™ Specification},
  subtitle = {Including OneBank™ and Adoption on 104™, EPIC™, and EBX™ Form Factors},
  publisher = {PC/104 Consortium},
  address = {Los Gatos},
  year = {2015},
  edition = {Version 3.0},
  URL = {https://pc104.org/wp-content/uploads/2015/03/PCI104_Express_v3_0.pdf},
}

@masterthesis{canChokesAppRep
  author = {Ole-Kristian Skroppa and Scott Monroe},
  title = {SLLA271},
  subtitle = {Common Mode Chokes in CAN Networks: Source of Unexpected Transients},
  address = {Dallas},
  year = {2008},
  school = {Texas Instruments Incorporated},
  type = {Application Report},
  URL = {https://www.ti.com/lit/an/slla271/slla271.pdf?ts=1593763769749\&ref_url=https\%253A\%252F\%252Fwww.google.com\%252F\#:~:text=In\%20general\%2C\%20common\%2Dmode\%20chokes,results\%20in\%20the\%20CAN\%20network.\&text=Following\%20the\%20choke\%20in\%20the,is\%20the\%20optional\%20termination\%20circuit.},
}

@masterthesis{canAppRep,
  author = {Daniel Kisling and Abhi Aarey and Bhavin Kumar},
  title = {SLLA419},
  subtitle = {How to Design Isolated CAN Systems With Correct Bus Protection},
  address = {Dallas},
  year = {2018},
  school = {Texas Instruments Incorporated},
  type = {Application Report},
}

@masterthesis{stmDatasheet,
  title = {DS11585},
  subtitle = {Ultra-low-power Arm® Cortex®-M4 32-bit MCU+FPU, 100 DMIPS,  up to 1 MB Flash, 320 KB SRAM, USB OTG FS, audio, external SMPS},
  publisher = {STMicroelectronics},
  address = {Geneva},
  year = {2021},
  edition = {Rev 13},
  URL = {https://www.st.com/resource/en/datasheet/stm32l496ae.pdf},
}

@manual{qspiAppNote,
  title = {AN4760},
  subtitle = {Quad-SPI interface on STM32 microcontrollers and microprocessors},
  publisher = {STMicroelectronics},
  address = {Geneva},
  year = {2020},
  edition = {Rev 3},
  URL = {https://www.st.com/resource/en/application_note/dm00227538-quadspi-interface-on-stm32-microcontrollers-and-microprocessors-stmicroelectronics.pdf},
}

@manual{osciAppNote,
  title = {AN2867},
  subtitle = {Oscillator design guide for STM8AF/AL/S, STM32 MCUs and MPUs},
  publisher = {STMicroelectronics},
  address = {Geneva},
  year = {2020},
  edition = {Rev 13},
  URL = {https://www.st.com/resource/en/application_note/cd00221665-oscillator-design-guide-for-stm8afals-stm32-mcus-and-mpus-stmicroelectronics.pdf},
}

@manual{stmAppNote,
  title = {AN4555},
  subtitle = {Getting started with STM32L4 Series and STM32L4+ Series  hardware development},
  publisher = {STMicroelectronics},
  address = {Geneva},
  year = {2019},
  edition = {Rev 8},
  URL = {https://www.st.com/resource/en/application_note/dm00125306-getting-started-with-stm32l4-series-and-stm32l4-series-hardware-development-stmicroelectronics.pdf},
}

@article{csReliability,
  author = {Jasper Bouwmeester and Martin Langer and Eberhard Gill},
  journal = {CEAS Space Journal},
  title = {Survey on the implementation and reliability of CubeSat electrical bus interfaces},
  publisher = {Springer},
  year = {2017},
  pages = {163-173},
  volume = {9},
  number = {2},
  ISSN = {1868-2502},
  DOI = {10.1007/s12567-016-0138-0},
  URL = {http://link.springer.com/10.1007/s12567-016-0138-0},
}
