%%%%% application notes

@MISC{app:oscDes,
  title = {AN2867},
  option = {titlepost:{Oscillator design guide for STM8AF/AL/S, STM32 MCUs and MPUs}},
  ednote = {Geneva: STMicroelectronics, c2020. Rev 13},
  %URL = {https://www.st.com/resource/en/application_note/cd00221665-oscillator-design-guide-for-stm8afals-stm32-mcus-and-mpus-stmicroelectronics.pdf},
}

@MISC{app:oscInt,
  title = {AN5067},
  option = {titlepost:{How to optimize STM32 MCUs internal RC oscillator accuracy}},
  ednote = {Geneva: STMicroelectronics, c2018. Rev 1},
  %url = {https://www.st.com/resource/en/application_note/dm00425536-how-to-optimize-stm32-mcus-internal-rc-oscillator-accuracy-stmicroelectronics.pdf},
}

@MISC{app:oscComp,
  title = {APP2154},
  option = {titlepost:{Microcontroller Clock—Crystal, Resonator, RC Oscillator, or Silicon Oscillator?}},
  ednote = {San Jose: Maxim Integrated, 2003},
  %url = {https://pdfserv.maximintegrated.com/en/an/AN2154.pdf},
}

@MISC{app:getStart,
  title = {AN4555},
  option = {titlepost:{Getting started with STM32L4 Series and STM32L4+ Series  hardware development}},
  ednote = {Geneva: STMicroelectronics, c2019. Rev 8},
  %url = {https://www.st.com/resource/en/application_note/dm00125306-getting-started-with-stm32l4-series-and-stm32l4-series-hardware-development-stmicroelectronics.pdf},
}

%%%%% datasheets

@MISC{dat:mcu,
  title = {DS11585},
  option = {titlepost:{Ultra-low-power Arm® Cortex®-M4 32-bit MCU+FPU, 100 DMIPS,  up to 1 MB Flash, 320 KB SRAM, USB OTG FS, audio, external SMPS}},
  ednote = {Geneva: STMicroelectronics, c2021. Rev 13},
  %url = {https://www.st.com/resource/en/datasheet/stm32l496ae.pdf},
}

@MISC{dat:hse,
  title = {SiT8924B},
  option = {titlepost:{Automotive AEC-Q100 Oscillator}},
  ednote = {Santa Clara: SiTime Corporation, 2019. Rev 1.7},
  %url = {https://www.sitime.com/datasheet/SiT8924},
}

@MISC{dat:lse,
  title = {ABS07AIG},
  option = {titlepost:{Automotive \& Industrial Grade 32.768kHz Ceramic Base SMD Crystal}},
  ednote = {Hidden Creek: Abracon LLC, 2020. Rev. 12-11-20},
  %url = {https://abracon.com/datasheets/ABS07AIG.pdf},
}


%%%%% books, papers, etc.


@manual{DEInPqCRdobEdM4e,
  title = {AN4760},
  subtitle = {Quad-SPI interface on STM32 microcontrollers and microprocessors},
  publisher = {STMicroelectronics},
  address = {Geneva},
  year = {c2020},
  edition = {Rev 3},
  url = {https://www.st.com/resource/en/application_note/dm00227538-quadspi-interface-on-stm32-microcontrollers-and-microprocessors-stmicroelectronics.pdf},
}


@manual{pSQjLDGsux7XAtfA,
  title = {PCI/104-Express™ \& PCIe/104™ Specification},
  subtitle = {Including OneBank™ and Adoption on 104™, EPIC™, and EBX™ Form Factors},
  publisher = {PC/104 Consortium},
  address = {Los Gatos},
  year = {2015},
  edition = {Version 3.0},
  url = {https://pc104.org/wp-content/uploads/2015/03/PCI104_Express_v3_0.pdf},
}

@thesis{Skroppa2008,
  author = {Ole-Kristian Skroppa and Scott Monroe},
  title = {SLLA271},
  subtitle = {Common Mode Chokes in CAN Networks: Source of Unexpected Transients},
  address = {Dallas},
  year = {2008},
  school = {Texas Instruments Incorporated},
  type = {Application Report},
  url = {https://www.ti.com/lit/an/slla271/slla271.pdf?ts=1593763769749\&ref_url=https\%253A\%252F\%252Fwww.google.com\%252F\#:~:text=In\%20general\%2C\%20common\%2Dmode\%20chokes,results\%20in\%20the\%20CAN\%20network.\&text=Following\%20the\%20choke\%20in\%20the,is\%20the\%20optional\%20termination\%20circuit.},
}

@thesis{Kisling2018,
  author = {Daniel Kisling and Abhi Aarey and Bhavin Kumar},
  title = {SLLA419},
  subtitle = {How to Design Isolated CAN Systems With Correct Bus Protection},
  address = {Dallas},
  year = {2018},
  school = {Texas Instruments Incorporated},
  type = {Application Report},
}

@article{Bouwmeester2017,
  author = {Jasper Bouwmeester and Martin Langer and Eberhard Gill},
  journal = {CEAS Space Journal},
  title = {Survey on the implementation and reliability of CubeSat electrical bus interfaces},
  publisher = {Springer},
  year = {2017},
  pages = {163-173},
  volume = {9},
  number = {2},
  issn = {1868-2502},
  doi = {10.1007/s12567-016-0138-0},
  url = {http://link.springer.com/10.1007/s12567-016-0138-0},
}

